@article{cite1,
  author  = {Chawla, Nitesh V and Bowyer, Kevin W and Hall, Lawrence O and Kegelmeyer, W Philip},
  journal = {Journal of artificial intelligence research},
  pages   = {321--357},
  title   = {SMOTE: synthetic minority over-sampling technique},
  volume  = {16},
  year    = {2002},
}

@article{cite2,
  author    = {山村雅幸 and 小野貴久 and 小林重信},
  journal   = {人工知能},
  number    = {6},
  pages     = {1049--1059},
  publisher = {一般社団法人 人工知能学会},
  title     = {形質の遺伝を重視した遺伝的アルゴリズムに基づく巡回セールスマン問題の解法},
  volume    = {7},
  year      = {1992},
}